<?xml version="1.0" encoding="UTF-8"?><collection xmlns="http://www.loc.gov/MARC21/slim"><record><leader>00364nam--2200121-i-4500</leader><controlfield tag="001">000029505</controlfield><controlfield tag="002">20161230</controlfield><controlfield tag="005">20161230201037</controlfield><controlfield tag="008">060222s1000------------r-----000-0-eng-d</controlfield><datafield ind1=" " ind2=" " tag="245"><subfield code="a">Lectures notes in computer science.vol.34:gl-5. jahrestagung. dortmund, 8-10 oktober 1975</subfield></datafield><datafield ind1=" " ind2=" " tag="260"><subfield code="a">Berlin, Springer-verlag, 1975</subfield></datafield><datafield ind1=" " ind2=" " tag="700"><subfield code="a">Gross G. And J.Hartmanis</subfield></datafield><datafield ind1=" " ind2=" " tag="852"><subfield code="a">45381</subfield></datafield></record></collection>